
@article{sherin,
author = {Bruce Sherin},
title = {A Comparison of Programming Languages and Algebraic notation as Expressive Languages for Physics},
journal = {International Journal of Computers for Mathematical Learning},
volume = {6},
number = {1},
pages = {1-61},
year = {2001}
}

@article{guzdial,
author = {Mark Guzdial},
title = {Software-Realized Scaffolding to Facilitate Programming for Science Learning},
journal = {Interactive learning environments},
volume = {4},
number = {1},
pages = {1-44},
year = {1994}
}
